%YAML 1.1
%TAG !u! tag:unity3d.com,2011:
--- !u!1 &4007464959202308745
GameObject:
  m_ObjectHideFlags: 0
  m_CorrespondingSourceObject: {fileID: 0}
  m_PrefabInstance: {fileID: 0}
  m_PrefabAsset: {fileID: 0}
  serializedVersion: 6
  m_Component:
  - component: {fileID: 3113597761823363948}
  - component: {fileID: 3078550438232585591}
  - component: {fileID: 3078550438232585584}
  - component: {fileID: 3078550438232585585}
  - component: {fileID: 3078550438232585598}
  - component: {fileID: 3078550438232585597}
  - component: {fileID: 3078550438232585596}
  - component: {fileID: 3078550438232585587}
  - component: {fileID: 3078550438232585586}
  - component: {fileID: 3033205884633459007}
  m_Layer: 0
  m_Name: Sheep AI
  m_TagString: Sheep
  m_Icon: {fileID: 0}
  m_NavMeshLayer: 0
  m_StaticEditorFlags: 0
  m_IsActive: 1
--- !u!4 &3113597761823363948
Transform:
  m_ObjectHideFlags: 0
  m_CorrespondingSourceObject: {fileID: 0}
  m_PrefabInstance: {fileID: 0}
  m_PrefabAsset: {fileID: 0}
  m_GameObject: {fileID: 4007464959202308745}
  m_LocalRotation: {x: 0, y: -0.08732963, z: 0, w: 0.9961795}
  m_LocalPosition: {x: 13.74, y: 0.0011463165, z: -15.33}
  m_LocalScale: {x: 1, y: 1, z: 1}
  m_Children:
  - {fileID: 8655413991797499547}
  m_Father: {fileID: 0}
  m_RootOrder: 0
  m_LocalEulerAnglesHint: {x: 0, y: -10.02, z: 0}
--- !u!54 &3078550438232585591
Rigidbody:
  m_ObjectHideFlags: 0
  m_CorrespondingSourceObject: {fileID: 0}
  m_PrefabInstance: {fileID: 0}
  m_PrefabAsset: {fileID: 0}
  m_GameObject: {fileID: 4007464959202308745}
  serializedVersion: 2
  m_Mass: 1
  m_Drag: 0
  m_AngularDrag: 0.05
  m_UseGravity: 1
  m_IsKinematic: 0
  m_Interpolate: 0
  m_Constraints: 112
  m_CollisionDetection: 0
--- !u!135 &3078550438232585584
SphereCollider:
  m_ObjectHideFlags: 0
  m_CorrespondingSourceObject: {fileID: 0}
  m_PrefabInstance: {fileID: 0}
  m_PrefabAsset: {fileID: 0}
  m_GameObject: {fileID: 4007464959202308745}
  m_Material: {fileID: 0}
  m_IsTrigger: 0
  m_Enabled: 1
  serializedVersion: 2
  m_Radius: 0.78
  m_Center: {x: 0, y: 0.81, z: 0}
--- !u!95 &3078550438232585585
Animator:
  serializedVersion: 3
  m_ObjectHideFlags: 0
  m_CorrespondingSourceObject: {fileID: 0}
  m_PrefabInstance: {fileID: 0}
  m_PrefabAsset: {fileID: 0}
  m_GameObject: {fileID: 4007464959202308745}
  m_Enabled: 1
  m_Avatar: {fileID: 0}
  m_Controller: {fileID: 9100000, guid: 2bd6e5dbb2b55b24ea509d11a82d0496, type: 2}
  m_CullingMode: 0
  m_UpdateMode: 0
  m_ApplyRootMotion: 0
  m_LinearVelocityBlending: 0
  m_WarningMessage: 
  m_HasTransformHierarchy: 1
  m_AllowConstantClipSamplingOptimization: 1
  m_KeepAnimatorControllerStateOnDisable: 0
--- !u!114 &3078550438232585598
MonoBehaviour:
  m_ObjectHideFlags: 0
  m_CorrespondingSourceObject: {fileID: 0}
  m_PrefabInstance: {fileID: 0}
  m_PrefabAsset: {fileID: 0}
  m_GameObject: {fileID: 4007464959202308745}
  m_Enabled: 1
  m_EditorHideFlags: 0
  m_Script: {fileID: 11500000, guid: 08eca9f7688a0a24685b89133b020c8e, type: 3}
  m_Name: 
  m_EditorClassIdentifier: 
  _scriptableObjectInstallers: []
  _monoInstallers:
  - {fileID: 3033205884633459007}
  _installerPrefabs: []
  _autoRun: 1
  _kernel: {fileID: 0}
--- !u!114 &3078550438232585597
MonoBehaviour:
  m_ObjectHideFlags: 0
  m_CorrespondingSourceObject: {fileID: 0}
  m_PrefabInstance: {fileID: 0}
  m_PrefabAsset: {fileID: 0}
  m_GameObject: {fileID: 4007464959202308745}
  m_Enabled: 1
  m_EditorHideFlags: 0
  m_Script: {fileID: 11500000, guid: 1c21710332b69f141a1b60cf6cffc40b, type: 3}
  m_Name: 
  m_EditorClassIdentifier: 
--- !u!114 &3078550438232585596
MonoBehaviour:
  m_ObjectHideFlags: 0
  m_CorrespondingSourceObject: {fileID: 0}
  m_PrefabInstance: {fileID: 0}
  m_PrefabAsset: {fileID: 0}
  m_GameObject: {fileID: 4007464959202308745}
  m_Enabled: 1
  m_EditorHideFlags: 0
  m_Script: {fileID: 11500000, guid: 0166d8ff8d905b048b2448179e1f5d11, type: 3}
  m_Name: 
  m_EditorClassIdentifier: 
  _components:
  - {fileID: 3078550438232585597}
  _identifier: 
  _useSceneContext: 0
  _context: {fileID: 3078550438232585598}
  _bindType: 1
--- !u!114 &3078550438232585587
MonoBehaviour:
  m_ObjectHideFlags: 0
  m_CorrespondingSourceObject: {fileID: 0}
  m_PrefabInstance: {fileID: 0}
  m_PrefabAsset: {fileID: 0}
  m_GameObject: {fileID: 4007464959202308745}
  m_Enabled: 1
  m_EditorHideFlags: 0
  m_Script: {fileID: 11500000, guid: 4b9b5c044509040479e7c2b3a596de1e, type: 3}
  m_Name: 
  m_EditorClassIdentifier: 
  Rigidbody: {fileID: 3078550438232585591}
  Animator: {fileID: 3078550438232585585}
  Speed: 10
  AngularSpeed: 360
  Force: 10
--- !u!114 &3078550438232585586
MonoBehaviour:
  m_ObjectHideFlags: 0
  m_CorrespondingSourceObject: {fileID: 0}
  m_PrefabInstance: {fileID: 0}
  m_PrefabAsset: {fileID: 0}
  m_GameObject: {fileID: 4007464959202308745}
  m_Enabled: 1
  m_EditorHideFlags: 0
  m_Script: {fileID: 11500000, guid: 0166d8ff8d905b048b2448179e1f5d11, type: 3}
  m_Name: 
  m_EditorClassIdentifier: 
  _components:
  - {fileID: 3078550438232585587}
  _identifier: 
  _useSceneContext: 0
  _context: {fileID: 3078550438232585598}
  _bindType: 0
--- !u!114 &3033205884633459007
MonoBehaviour:
  m_ObjectHideFlags: 0
  m_CorrespondingSourceObject: {fileID: 0}
  m_PrefabInstance: {fileID: 0}
  m_PrefabAsset: {fileID: 0}
  m_GameObject: {fileID: 4007464959202308745}
  m_Enabled: 1
  m_EditorHideFlags: 0
  m_Script: {fileID: 11500000, guid: 32ee4a9ef64fe1b48a4afdb24f54e088, type: 3}
  m_Name: 
  m_EditorClassIdentifier: 
  AngularSpeed: 360
--- !u!1 &5640033895570199688
GameObject:
  m_ObjectHideFlags: 0
  m_CorrespondingSourceObject: {fileID: 0}
  m_PrefabInstance: {fileID: 0}
  m_PrefabAsset: {fileID: 0}
  serializedVersion: 6
  m_Component:
  - component: {fileID: 8655413991797499547}
  - component: {fileID: 379766462313012397}
  - component: {fileID: 6231217162062520404}
  m_Layer: 0
  m_Name: sheep
  m_TagString: Untagged
  m_Icon: {fileID: 0}
  m_NavMeshLayer: 0
  m_StaticEditorFlags: 0
  m_IsActive: 1
--- !u!4 &8655413991797499547
Transform:
  m_ObjectHideFlags: 0
  m_CorrespondingSourceObject: {fileID: 0}
  m_PrefabInstance: {fileID: 0}
  m_PrefabAsset: {fileID: 0}
  m_GameObject: {fileID: 5640033895570199688}
  m_LocalRotation: {x: -0.6099577, y: -0.6671063, z: -0.42621273, w: 0.035548106}
  m_LocalPosition: {x: 0, y: 0.841, z: 0}
  m_LocalScale: {x: -60.68734, y: -60.687347, z: -60.687347}
  m_Children: []
  m_Father: {fileID: 3113597761823363948}
  m_RootOrder: 0
  m_LocalEulerAnglesHint: {x: -37.736, y: -216.69, z: 97.80601}
--- !u!33 &379766462313012397
MeshFilter:
  m_ObjectHideFlags: 0
  m_CorrespondingSourceObject: {fileID: 0}
  m_PrefabInstance: {fileID: 0}
  m_PrefabAsset: {fileID: 0}
  m_GameObject: {fileID: 5640033895570199688}
  m_Mesh: {fileID: -3214521003866156968, guid: 14f6502470a978642a3910a2276ec128, type: 3}
--- !u!23 &6231217162062520404
MeshRenderer:
  m_ObjectHideFlags: 0
  m_CorrespondingSourceObject: {fileID: 0}
  m_PrefabInstance: {fileID: 0}
  m_PrefabAsset: {fileID: 0}
  m_GameObject: {fileID: 5640033895570199688}
  m_Enabled: 1
  m_CastShadows: 1
  m_ReceiveShadows: 1
  m_DynamicOccludee: 1
  m_MotionVectors: 1
  m_LightProbeUsage: 1
  m_ReflectionProbeUsage: 1
  m_RayTracingMode: 2
  m_RenderingLayerMask: 1
  m_RendererPriority: 0
  m_Materials:
  - {fileID: 2100000, guid: 1fd6667617549194c8b44805e729ca7d, type: 2}
  - {fileID: 2100000, guid: cb36fba5a0bf61941bc4501d2b34ccad, type: 2}
  - {fileID: 2100000, guid: b771fc52805c64645be3411ffadc328f, type: 2}
  - {fileID: 2100000, guid: 6f65379430ff16d47acfc1336c057724, type: 2}
  - {fileID: 2100000, guid: 87de254e0527b934d8abb65bdd482614, type: 2}
  m_StaticBatchInfo:
    firstSubMesh: 0
    subMeshCount: 0
  m_StaticBatchRoot: {fileID: 0}
  m_ProbeAnchor: {fileID: 0}
  m_LightProbeVolumeOverride: {fileID: 0}
  m_ScaleInLightmap: 1
  m_ReceiveGI: 1
  m_PreserveUVs: 0
  m_IgnoreNormalsForChartDetection: 0
  m_ImportantGI: 0
  m_StitchLightmapSeams: 1
  m_SelectedEditorRenderState: 3
  m_MinimumChartSize: 4
  m_AutoUVMaxDistance: 0.5
  m_AutoUVMaxAngle: 89
  m_LightmapParameters: {fileID: 0}
  m_SortingLayerID: 0
  m_SortingLayer: 0
  m_SortingOrder: 0
